%koszt kosmosu
@MISC{bib:kosmos_raport_kwartalny_2021,
	title = {Space Investment Quarterly Report: Q3 2021},
	url = "https://www.spacecapital.com/quarterly"
	
}


%lot paraboliczny
@MISC{bib:lot_paraboliczny,
	title = {European Space Agency, Science exploration, Parabolic flights.},
	url = "https://www.esa.int/Science_Exploration/Human_and_Robotic_Exploration/Research/Parabolic_flights"

}



%Różne symulatory, klinostat, RPM, RWV, lewitacja diamag.
%URL https://www.ncbi.nlm.nih.gov/pmc/articles/PMC3549630/
@Article{bib:nazwa,
	Title 				   = {Ground-Based Facilities for Simulation of Microgravity: Organism-Specific Recommendations for Their Use, and Recommended Terminology},
	Author 				   = {},
	Journal 			   = {Astrobiology},
	Year 				   = {2013},
	Number 				   = {},
	Pages 				   = {},
	Volume				   = {}
}

@Book{bib:kittel,
	Title                    = {Wstęp do fizyki ciała stałego},
	Author                   = {C. Kittel},
	Publisher                = {PWN},
	Year                     = {1974},
	Address                  = {Warszawa},
}

%Nasa space biology plan
@MISC{bib:nasa_space_biology,
	title = {Nasa Space Biology Science Plan 2016-2025},
	url = "https://science.nasa.gov/science-red/s3fs-public/atoms/files/NASA_Space_Biology_Science_Plan_2016_2025_TAGGED.pdf"
	
}

% LSMM - podstawy
%URL https://www.nature.com/articles/s41526-021-00135-x?proof=t%C2%A0
@Article{bib:lsmm1,
	Title 				   = {The influence of spaceflight and simulated microgravity on
	bacterial motility and chemotaxis},
	Author 				   = {Jacqueline M. Acres and Myka Jaap Youngapelian and Jay Nadeau},
	Journal 			   = {npj Microgravity},
	Year 				   = {2021},
	Number 				   = {7},
	Pages 				   = {},
	Volume				   = {7}
}

%Lewitacja diamagnetyczna
%URL https://bmcgenomics.biomedcentral.com/articles/10.1186/1471-2164-13-52
@Article{bib:lewitacja,
	Title 				   = {Microgravity simulation by diamagnetic levitation: effects of a strong gradient magnetic field on the transcriptional profile of Drosophila melanogaster},
	Author 				   = {Raul Herranz and Oliver J. Larkin and Camelia E. Dijkstra and Richard J.A. Hill and Paul Anthony and Michael R. Davey and Laurence Eaves and Jack J.W.A. van Loon and F. Javier Medina and Roberto Marco},
	Journal 			   = {BMC Genomics},
	Year 				   = {2012},
	Number 				   = {52},
	Pages 				   = {},
	Volume				   = {13}
}

%FFM i RPM
%URL https://pubmed.ncbi.nlm.nih.gov/11542624/
@Article{bib:ffm_rpm,
	Title 				   = {Signal transduction in T lymphocytes--a comparison of the data from space, the free fall machine and the random positioning machine},
	Author 				   = {M. Schwarzenberg and P. Pippia and M. A. Meloni and G. Cossu and M. Cogoli-Greuter and A. Cogoli},
	Journal 			   = {Advances in Space Research},
	Year 				   = {1999},
	Number 				   = {6},
	Pages 				   = {},
	Volume				   = {24}
}

%FFM
%URL https://europepmc.org/article/med/11539379
@Article{bib:ffm,
	Title 				   = {The Free Fall Machine--a ground-based facility for microgravity research in life sciences.},
	Author 				   = {Mesland D.A. and Anton A.H. and Willemsen H and van den Ende H.},
	Journal 			   = {Microgravity Science and Technology},
	Year 				   = {1996},
	Number 				   = {1},
	Pages 				   = {},
	Volume				   = {9}
}

%Klinostaty lafayette
@MISC{bib:klinostat_lafayette,
	title = {Zasoby internetowe Uniwersytetu Luizjany w Lafayette, Laboratorium fizjologii roślin},
	url = "https://userweb.ucs.louisiana.edu/~khh6430/clinostats.html"
	
}

%Klinostaty lafayette
@MISC{bib:klinostat_lafayette,
	title = {Zasoby internetowe Uniwersytetu Luizjany w Lafayette, Laboratorium fizjologii roślin},
	url = "https://userweb.ucs.louisiana.edu/~khh6430/clinostats.html"
	
}

%Silniki krokowe przyspieszenie
@MISC{bib:krokowe_przyspieszenie,
	title = {AVR446: Linear speed control of stepper motor, Application note},
	url = "http://ww1.microchip.com/downloads/en/appnotes/doc8017.pdf"
	
}

%PBL
@MISC{bib:PBL,
	title = {Buck Institute for Education, PBL Works},
	url = "https://www.pblworks.org/what-is-pbl"
	
}

%Atmega
@MISC{bib:nota_katalogowa,
	title = {ATmega16U4/ATmega32U4, nota katalogowa},
	url = "https://ww1.microchip.com/downloads/en/DeviceDoc/Atmel-7766-8-bit-AVR-ATmega16U4-32U4_Datasheet.pdf"
	
}

%Grawitropizm
%URL https://link.springer.com/article/10.1007/s12217-015-9478-1
@Article{bib:grawitropizm,
	Title 				   = {2-D Clinostat for Simulated Microgravity Experiments with Arabidopsis Seedlings},
	Author 				   = {Wang H. and Li X. and Krause L. and Gorog M. and Schuler O. and Hauslage J. and Hemmersbach R.},
	Journal 			   = {Microgravity Science and Technology},
	Year 				   = {2016},
	Number 				   = {},
	Pages 				   = {},
	Volume				   = {28}
}

%Statocyty
@Article{bib:statocyty,
	Title 				   = {ARL2, ARG1 and PIN3 define a gravity signal transduction
	pathway in root statocytes},
	Author 				   = {Benjamin R. and Harrison and Patrick H. Masson},
	Journal 			   = {Plant},
	Year 				   = {2008},
	Number 				   = {53},
	Pages 				   = {380-392},
	Volume				   = {}
}

%Grawitropizm i klinorotacja
%URL https://pubmed.ncbi.nlm.nih.gov/21847020/
@Article{bib:grawi_klinorotacja,
	Title 				   = {Effects of mechanostimulation on gravitropism and signal persistence in flax roots},
	Author 				   = {Susan P. John and Karl H. Hasenstein},
	Journal 			   = {Plant Signaling \& Behaviour},
	Year 				   = {2011},
	Number 				   = {9},
	Pages 				   = {},
	Volume				   = {6}
}

%Klinorotacje
%URL https://pdfs.semanticscholar.org/ea6f/63eb7a35d3f594b34f8bc3c1cdea0dab4a31.pdf
% Open Access
@Article{bib:klinorotacja,
	Title 				   = {Analysis of Graviresponse and Biological Effects of Vertical and	Horizontal Clinorotation in Arabidopsis thaliana Root Tip},
	Author 				   = {Alicia Villacampa and Ludovico Sora and Raúl Herranz and Francisco-Javier Medina and Malgorzata Ciska},
	Journal 			   = {Plants},
	Year 				   = {2021},
	Number 				   = {734},
	Pages 				   = {},
	Volume				   = {10}
}

%RPM
%URL https://link.springer.com/article/10.1007/s12217-008-9043-2
% Open Access
@Article{bib:rpmy,
	Title 				   = {Technology and Developments for the Random Positioning Machine, RPM},
	Author 				   = {A. G. Borst and Jack J. W. A. van Loon},
	Journal 			   = {Microgravity Science and Technology},
	Year 				   = {2009},
	Number 				   = {287},
	Pages 				   = {},
	Volume				   = {21}
}

%Mikrograwitacja i pole magnetyczne
%URL https://ieeexplore.ieee.org/document/9591034
@inproceedings{bib:aut,
	Title 				   = {Plant growth in microgravity and defined magnetic field},
	Author 				   = {Tomasz Błachowicz and Andrea Ehrmann and Maciej Malczyk and Adam Stasiak and Rafal Osadnik and Radoslaw Paluch and Michal Koruszowic and Jacek Pawlyta and Krzysztof Lis and Krzysztof Lehrich},
	Publisher 			   = {International Conference on Electrical, Computer, Communications and Mechatronics Engineering (ICECCME)
	},
	Year 				   = {2021}
}

%RPM vs 3D
%URL https://pubmed.ncbi.nlm.nih.gov/10987561/
@Article{bib:rpm_vs_3d,
	Title 				   = {Plastid position in Arabidopsis columella cells is similar in microgravity and on a random-positioning machine},
	Author 				   = {T. F. Kraft and J. J. van Loon and J. Z. Kiss},
	Journal 			   = {Planta},
	Year 				   = {2000},
	Number 				   = {},
	Pages 				   = {415-422},
	Volume				   = {211}
}

%Wzorzec
@Article{bib:template,
	Title 				   = {},
	Author 				   = {},
	Journal 			   = {},
	Year 				   = {},
	Number 				   = {},
	Pages 				   = {},
	Volume				   = {}
}

%Wzorzec
@MISC{bib:template2,
	title = {},
	url = ""
	
}

